<record xmlns="http://www.loc.gov/MARC21/slim" xmlns:xsi="http://www.w3.org/2001/XMLSchema-instance" xsi:schemaLocation="http://www.loc.gov/MARC21/slim http://www.loc.gov/standards/marcxml/schema/MARC21slim.xsd">

  <leader>01581nab a2200157   4500</leader>
  <controlfield tag="008">150603b1999    cr f|||| |||| 00| 0 spa d</controlfield>
  <datafield ind1=" " ind2=" " tag="090">
    <subfield code="a">REVIS 06.02.01</subfield>
  </datafield>
  <datafield tag="100" ind2=" " ind1="1">
    <subfield code="9">137</subfield>
    <subfield code="a">Brenes Castillo, Alfonso</subfield>
  </datafield>
  <datafield ind2="4" tag="245" ind1="1">
    <subfield code="a">Necesidades de capacitación de los guardas de la Universidad de Costa Rica en el área de la calidad del servicio universitario / </subfield>
    <subfield code="c">Alfonso Brenes Castillo</subfield>
  </datafield>
  <datafield ind1=" " ind2=" " tag="260">
    <subfield code="a">San José, Costa Rica :</subfield>
    <subfield code="b">Editorial Universidad de Costa Rica,</subfield>
    <subfield code="c">1999</subfield>
  </datafield>
  <datafield ind1=" " tag="300" ind2=" ">
    <subfield code="a">páginas 171-186</subfield>
  </datafield>
  <datafield ind1=" " tag="520" ind2=" ">
    <subfield code="a">Este artículo tiene como tema central las "Necesidades de capacitación de los Guardas de la Universidad de Costa Rica, en el área de la Calidad de los Servicios que presentan".
Está basado en la problemática de ¿Cuáles son las necesidades prioritarias de capacitación de los Guardas de la Universidad de Costa Rica, para mejorar la calidad de los servicios que prestan, de conformidad con sus propias percepciones?
El objetivo general es determinar las necesidades de capacitación, en lo que respecta a motivación, técnicas de mejoramiento de la calidad, liderazgo para el cambio, procesos y procedimientos del aseguramiento de la calidad de los servicios, así como propone un programa institucional de capacitación continua, para propiciar el aseguramiento en el área de la calidad del servicio que prestan los Guardas de la Universidad de Costa Rica</subfield>
  </datafield>
  <datafield tag="650" ind2="4" ind1="1">
    <subfield code="9">1</subfield>
    <subfield code="a">EDUCACIÓN</subfield>
  </datafield>
  <datafield ind2=" " tag="773" ind1="0">
    <subfield code="d">San José, Costa Rica : Editorial de la Universidad de Costa Rica, 1997-</subfield>
    <subfield code="o">R0022</subfield>
    <subfield code="t">EDUCACIÓN: Revista de la Universidad de Costa Rica</subfield>
    <subfield code="g">Vol.23, no.1 (1999)  </subfield>
  </datafield>
  <datafield ind1=" " ind2=" " tag="942">
    <subfield code="2">z</subfield>
    <subfield code="c">10</subfield>
  </datafield>
  <datafield ind1=" " tag="999" ind2=" ">
    <subfield code="c">2619</subfield>
    <subfield code="d">2619</subfield>
  </datafield>
</record>